@inproceedings{explainablePredictionMedicalCodes,
author    = {James Mullenbach and
               Sarah Wiegreffe and
               Jon Duke and
               Jimeng Sun and
               Jacob Eisenstein},
  title     = {Explainable Prediction of Medical Codes from Clinical Text},
  booktitle = {Proceedings of the 2018 Conference of the North American Chapter of
               the Association for Computational Linguistics: Human Language Technologies,
               {NAACL-HLT} 2018, New Orleans, Louisiana, USA, June 1-6, 2018, Volume
               1 (Long Papers)},
  pages     = {1101--1111},
  year      = {2018},
  crossref  = {DBLP:conf/naacl/2018-1},
  url       = {https://aclanthology.info/papers/N18-1100/n18-1100},
  timestamp = {Wed, 30 May 2018 15:04:59 +0200},
  biburl    = {https://dblp.org/rec/bib/conf/naacl/MullenbachWDSE18},
  bibsource = {dblp computer science bibliography, https://dblp.org}
}

@inproceedings{attentionIsAllYouNeed,
author    = {Ashish Vaswani and
               Noam Shazeer and
               Niki Parmar and
               Jakob Uszkoreit and
               Llion Jones and
               Aidan N. Gomez and
               Lukasz Kaiser and
               Illia Polosukhin},
  title     = {Attention is All you Need},
  booktitle = {Advances in Neural Information Processing Systems 30: Annual Conference
               on Neural Information Processing Systems 2017, 4-9 December 2017,
               Long Beach, CA, {USA}},
  pages     = {6000--6010},
  year      = {2017},
  crossref  = {DBLP:conf/nips/2017},
  url       = {http://papers.nips.cc/paper/7181-attention-is-all-you-need},
  timestamp = {Mon, 27 Nov 2017 12:38:48 +0100},
  biburl    = {https://dblp.org/rec/bib/conf/nips/VaswaniSPUJGKP17},
  bibsource = {dblp computer science bibliography, https://dblp.org}
}
% Copied the below BibTex from the article itself so it looks funky here but fine on the paper
@article{bertPaper,
author    = {Jacob Devlin and
               Ming{-}Wei Chang and
               Kenton Lee and
               Kristina Toutanova},
  title     = {{BERT:} Pre-training of Deep Bidirectional Transformers for Language
               Understanding},
  journal   = {CoRR},
  volume    = {abs/1810.04805},
  year      = {2018},
  url       = {http://arxiv.org/abs/1810.04805},
  archivePrefix = {arXiv},
  eprint    = {1810.04805},
  timestamp = {Tue, 30 Oct 2018 20:39:56 +0100},
  biburl    = {https://dblp.org/rec/bib/journals/corr/abs-1810-04805},
  bibsource = {dblp computer science bibliography, https://dblp.org}
}

@article{scheurwegsSelectingRelevantFeaturesFromEHR,
author    = {Elyne Scheurwegs and
               Boris Cule and
               Kim Luyckx and
               L{\'{e}}on Luyten and
               Walter Daelemans},
  title     = {Selecting relevant features from the electronic health record for
               clinical code prediction},
  journal   = {Journal of Biomedical Informatics},
  volume    = {74},
  pages     = {92--103},
  year      = {2017},
  url       = {https://doi.org/10.1016/j.jbi.2017.09.004},
  doi       = {10.1016/j.jbi.2017.09.004},
  timestamp = {Fri, 30 Nov 2018 13:20:37 +0100},
  biburl    = {https://dblp.org/rec/bib/journals/jbi/ScheurwegsCLLD17},
  bibsource = {dblp computer science bibliography, https://dblp.org}
}

% Doesn't look like we use this reference anywhere
@article{systemForPredictingICD10FromHealthRecords,
  title={A system for predicting ICD-10-PCS codes from electronic health records. In Proceedings of the 2014 Workshop on Biomedical Natural Language Processing.},
  author={Michael Subotin and Anthony R. Davis },
  year={2014}
}

% Doesn't look like we use this reference anywhere either
@article{ZhangEnhancingAutomaticIcd9Assignment,
  title={Enhancing automatic ICD-9-CM code assignment for medical texts with pubmed.},
  author={Danchen Zhang, Daqing He, Sanqiang Zhao, and Lei Li},
  journal={BioNLP},
  pages={263--271},
  year={2017}
}

@article{mortalityPredictionUsingFuzzyClassifier,
  author    = {Raheleh Davoodi and
               Mohammad Hassan Moradi},
  title     = {Mortality prediction in intensive care units ({ICU}s) using a deep rule-based
               fuzzy classifier},
  journal   = {Journal of Biomedical Informatics},
  volume    = {79},
  pages     = {48--59},
  year      = {2018},
  url       = {https://doi.org/10.1016/j.jbi.2018.02.008},
  doi       = {10.1016/j.jbi.2018.02.008},
  timestamp = {Wed, 14 Nov 2018 10:15:20 +0100},
  biburl    = {https://dblp.org/rec/bib/journals/jbi/DavoodiM18},
  bibsource = {dblp computer science bibliography, https://dblp.org}
}


@article{nlpProcessingForClinicalDecisionSupport,
   author    = {Dina Demner{-}Fushman and
               Wendy Webber Chapman and
               Clement J. McDonald},
  title     = {What can natural language processing do for clinical decision support?},
  journal   = {Journal of Biomedical Informatics},
  volume    = {42},
  number    = {5},
  pages     = {760--772},
  year      = {2009},
  url       = {https://doi.org/10.1016/j.jbi.2009.08.007},
  doi       = {10.1016/j.jbi.2009.08.007},
  timestamp = {Wed, 14 Nov 2018 10:15:12 +0100},
  biburl    = {https://dblp.org/rec/bib/journals/jbi/Demner-FushmanCM09},
  bibsource = {dblp computer science bibliography, https://dblp.org}
}

@misc{mimicIII,
author={Tom J. Pollard and Alistair E W Johnson},
title={{The MIMIC-III clinical database}},
year={2016},
howpublished={\url{http://dx.doi.org/10.13026/C2XW26}}
}